@article {ega,
  shorthand = {EGA},
    AUTHOR = {Grothendieck, A. and Dieudonn\'{e}, J.},
     TITLE = {\'{E}l\'{e}ments de g\'{e}om\'{e}trie alg\'{e}brique.},
   JOURNAL = {Inst. Hautes \'{E}tudes Sci. Publ. Math.},
  FJOURNAL = {Institut des Hautes \'{E}tudes Scientifiques. Publications
              Math\'{e}matiques},
      YEAR = {1960--1967},
}

@book {gw10,
    AUTHOR = {G\"{o}rtz, Ulrich and Wedhorn, Torsten},
     TITLE = {Algebraic geometry {I}},
    SERIES = {Advanced Lectures in Mathematics},
      NOTE = {Schemes with examples and exercises},
 PUBLISHER = {Vieweg + Teubner, Wiesbaden},
      YEAR = {2010},
     PAGES = {viii+615},
      ISBN = {978-3-8348-0676-5},
   MRCLASS = {14-01},
  MRNUMBER = {2675155},
MRREVIEWER = {C\'{\i}cero Carvalho},
       DOI = {10.1007/978-3-8348-9722-0},
       URL = {https://doi.org/10.1007/978-3-8348-9722-0},
}

@book {ks06,
    AUTHOR = {Kashiwara, Masaki and Schapira, Pierre},
     TITLE = {Categories and sheaves},
    SERIES = {Grundlehren der mathematischen Wissenschaften [Fundamental
              Principles of Mathematical Sciences]},
    VOLUME = {332},
 PUBLISHER = {Springer-Verlag, Berlin},
      YEAR = {2006},
     PAGES = {x+497},
      ISBN = {978-3-540-27949-5; 3-540-27949-0},
   MRCLASS = {18-02 (14F05 18F20)},
  MRNUMBER = {2182076},
MRREVIEWER = {Corrado Marastoni},
       DOI = {10.1007/3-540-27950-4},
       URL = {https://doi.org/10.1007/3-540-27950-4},
}

@book {mlm94,
    AUTHOR = {Mac Lane, Saunders and Moerdijk, Ieke},
     TITLE = {Sheaves in geometry and logic},
    SERIES = {Universitext},
      NOTE = {A first introduction to topos theory,
              Corrected reprint of the 1992 edition},
 PUBLISHER = {Springer-Verlag, New York},
      YEAR = {1994},
     PAGES = {xii+629},
      ISBN = {0-387-97710-4},
   MRCLASS = {03G30 (18B25 54B40)},
  MRNUMBER = {1300636},
MRREVIEWER = {M. Makkai},
}

@book {sga4,
  shorthand = {SGA$4$},
     TITLE = {Th\'{e}orie des topos et cohomologie \'{e}tale des sch\'{e}mas. {T}ome 1:
              {T}h\'{e}orie des topos},
    SERIES = {Lecture Notes in Mathematics, Vol. 269},
      NOTE = {S\'{e}minaire de G\'{e}om\'{e}trie Alg\'{e}brique du Bois-Marie 1963--1964
              (SGA 4),
              Dirig\'{e} par M. Artin, A. Grothendieck, et J. L. Verdier. Avec
              la collaboration de N. Bourbaki, P. Deligne et B. Saint-Donat},
 PUBLISHER = {Springer-Verlag, Berlin-New York},
      YEAR = {1972},
     PAGES = {xix+525},
   MRCLASS = {14-06},
  MRNUMBER = {0354652},
}

@misc{stacks-project,
  author       = {The {Stacks project authors}},
  title        = {The Stacks project},
  howpublished = {\url{https://stacks.math.columbia.edu}},
  year         = {2021},
}
